<record><leader>00000cas a22000007a 4500</leader><controlfield tag="001">20643487</controlfield><controlfield tag="008">891114c19789999mduwr ne      0   a0eng d</controlfield><datafield ind1=" " ind2=" " tag="010"><subfield code="a">sn 89060306 </subfield></datafield><datafield ind1=" " ind2=" " tag="040"><subfield code="a">MFN</subfield><subfield code="b">eng</subfield><subfield code="c">MFN</subfield><subfield code="d">NSD</subfield><subfield code="d">OCLCQ</subfield></datafield><datafield ind1=" " ind2=" " tag="012"><subfield code="m">1</subfield></datafield><datafield ind1="1" ind2=" " tag="022"><subfield code="a">1050-7663</subfield><subfield code="l">1050-7663</subfield><subfield code="2">1</subfield></datafield><datafield ind1=" " ind2=" " tag="032"><subfield code="a">126920</subfield><subfield code="b">USPS</subfield></datafield><datafield ind1=" " ind2=" " tag="037"><subfield code="b">Community Times, POB 247, Reisterstown, MD 21136-0247</subfield></datafield><datafield ind1=" " ind2=" " tag="042"><subfield code="a">msc</subfield><subfield code="a">nsdp</subfield></datafield><datafield ind1="0" ind2=" " tag="130"><subfield code="a">Community times (Randallstown, Md.)</subfield></datafield><datafield ind1=" " ind2="0" tag="222"><subfield code="a">Community times</subfield><subfield code="b">(Glyndon, Md.)</subfield></datafield><datafield ind1="1" ind2="4" tag="245"><subfield code="a">The Community times.</subfield></datafield><datafield ind1=" " ind2=" " tag="260"><subfield code="a">Randallstown, Md. :</subfield><subfield code="b">Stromberg Pub.</subfield></datafield><datafield ind1=" " ind2=" " tag="300"><subfield code="a">v.</subfield></datafield><datafield ind1=" " ind2=" " tag="310"><subfield code="a">Weekly</subfield></datafield><datafield ind1="0" ind2=" " tag="362"><subfield code="a">Vol. 4, no. 23 (Jan. 19, 1978)-</subfield></datafield><datafield ind1=" " ind2=" " tag="500"><subfield code="a">Published at Ellicott City, Md., Feb. 16, 1979-</subfield></datafield><datafield ind1=" " ind2=" " tag="500"><subfield code="a">Publisher: Landmark Community Newspapers of Maryland, Inc., &lt;Dec. 14, 1989-&gt;</subfield></datafield><datafield ind1=" " ind2=" " tag="500"><subfield code="a">Published for Reisterstown, Owings Mills and Glyndon.</subfield></datafield><datafield ind1=" " ind2=" " tag="588"><subfield code="a">Latest issue consulted: 61st year, no. 50 (Dec. 14, 1989).</subfield></datafield><datafield ind1=" " ind2=" " tag="752"><subfield code="a">United States</subfield><subfield code="b">Maryland</subfield><subfield code="c">Baltimore</subfield><subfield code="d">Randallstown.</subfield></datafield><datafield ind1=" " ind2=" " tag="752"><subfield code="a">United States</subfield><subfield code="b">Maryland</subfield><subfield code="c">Howard</subfield><subfield code="d">Ellicott City.</subfield></datafield><datafield ind1=" " ind2=" " tag="752"><subfield code="a">United States</subfield><subfield code="b">Maryland</subfield><subfield code="c">Baltimore</subfield><subfield code="d">Reisterstown.</subfield></datafield><datafield ind1=" " ind2=" " tag="752"><subfield code="a">United States</subfield><subfield code="b">Maryland</subfield><subfield code="c">Baltimore</subfield><subfield code="d">Owings Mills.</subfield></datafield><datafield ind1=" " ind2=" " tag="752"><subfield code="a">United States</subfield><subfield code="b">Maryland</subfield><subfield code="c">Baltimore</subfield><subfield code="d">Glyndon.</subfield></datafield><datafield ind1="0" ind2="0" tag="780"><subfield code="t">Community times and community news-Baltimore countian</subfield><subfield code="w">(DLC)sn 89060307</subfield></datafield></record>